@book{craigdonald,
    author = {Craig, F. Bohren and Donald, R. Huffman},
    title = {Absorption and Scattering of Light by Small Particles},
    year =  {1983},
    keywords = {physics}
}

@article{liangwu,
    title = {On the computation of spherical Bessel functions of complex arguments},
    author = {Liang-Wu, Cai},
    year = {2010},
    journal={Elsevier, Computer Physics Communications},
    keywords = {mathematics}
}

@article{hiroshitakumaminoru,
    title = {Mie Resonator Color Inks of Monodispersed and Perfectly Spherical Crystalline Silicon Nanoparticles},
    author = {Hiroshi, Sugimoto and Takuma, Okazaki and Minoru, Fujii},
    year = {2020},
    journal={WILEY-VCH Verlag GmbH and Co. KGaA, Advanced Optical Materials},
    keywords = {physics}
}

@article{arseniyandreymarkyuriboris,
    title = {Optically resonant dielectric nanostructures},
    author = {Arseniy, I. Kuznetsov and Andrey, E. Miroshnichenko and Mark, L. Brongersma and Yuri, S. Kivshar and Boris, Lukâ€™yanchuk},
    year = {2016},
    journal={American Association for the Advancement of Science, Science},
    keywords = {physics}
}